@misc{robocup:off,
author = {},
title = {インテリジェントロボットモーションの授業内容を参考に作成した},
% howpublished = {\url{https://www.robocup.or.jp/robocup/}},
month = {},
year = {},
note = {(Accessed on 7/20/2023)}
}